% Here are some examples of references. Write the information correctly (this means separating multiple authors with and-words, spaces after initials, double dash with page numbers, commas at the end, etc.)
% Use abbreviated forms of journal names.



@ARTICLE{pvlib,
	AUTHOR= {William F. Holmgren and Clifford W. Hansen and Mark A. Mikofski},
	TITLE= {pvlib python: a python package for modeling solar energy systems},
	Journal = {J. Open Source Softw., 3(29), 884, (2018)},
	DOI = {https://doi.org/10.21105/joss.00884}
	
}


@ARTICLE{fibolat,
	author = {Cilleruelo, Javier and Luca, Florian},
	year = {2010},
	month = {08},
	pages = {285-292},
	title = {Fibonacci lattice points},
	volume = {22},
	journal = {Ramanujan J.},
	doi = {10.1007/s11139-010-9226-5}
}



@WEB{solarnoonpattern,
	AUTHOR= {Vaibhav Vajpai},
	TITLE= {Analemma: The Sun’s Journey In The Sky},
	URL = {https://ysjournal.com/astrophysics/analemma-the-suns-journey-in-the-sky/},
	nameweb = {dunno lol},
	urldate = {2023-11-12},
	YEAR = {2021}
}

@WEB{sandia_poa,
	url = {https://pvpmc.sandia.gov/modeling-guide/1-weather-design-inputs/plane-of-array-poa-irradiance/},
	urldate = {2023-12-11},
	nameweb = {Sandia labs}

}


@ARTICLE{hbook1,
	AUTHOR = {Herman Böök. And Poikonen And A. And Aarva And A. And Mielonen And T. And Pitkänen And M.R.A. And Lindfors And A.V.},
	TITLE = {Photovoltaic system modeling: A validation study at high latitudes with implementation of a novel DNI quality control method.},
	JOURNAL = {Sol Energy},
	VOLUME = {204},
	PAGES = {316-329},
	YEAR = {2020}
}





@ARTICLE{navid_australian_article,
	AUTHOR = {Navid Haghdadi And Jessie Copper And Anna Bruce And Iain MacGill},
	TITLE = {A method to estimate the location and orientation of distributed photovoltaic systems from their generation output data},
	Journal = {Renew. Energy},
	YEAR = {2017},
	VOLUME = {108},
	PAGES = {390-400} 
}


@ARTICLE{older_solar_solver_article,
	Author = {Matthew K. Williams and Shawn L. Kerrigan and Alexander Thornton},
	Title = {Automatic detection of PV system configuration},
	year = {2012},
	Journal = {Proceedings of World Renewable Energy Forum}
}